<?xml version="1.0" encoding="UTF-8"?><collection xmlns="http://www.loc.gov/MARC21/slim"><record><leader>00445nam--2200133-i-4500</leader><controlfield tag="001">000022013</controlfield><controlfield tag="002">20161230</controlfield><controlfield tag="005">20161230201034</controlfield><controlfield tag="008">060222s1000------------r-----000-0-eng-d</controlfield><datafield ind1=" " ind2=" " tag="100"><subfield code="a">Jahr, K.F., Jander, G</subfield></datafield><datafield ind1=" " ind2=" " tag="245"><subfield code="a">Massanalyse. theorie und praxis der klassischen und der elektrochemischen titrierverfahren. 9., durchgesehene auflage</subfield></datafield><datafield ind1=" " ind2=" " tag="260"><subfield code="a">Berlin, Walter De Gruyter &amp; Co., 1961, 313p., 49 Fig</subfield></datafield><datafield ind1=" " ind2=" " tag="490"><subfield code="a">Sammlung Goschen</subfield></datafield><datafield ind1=" " ind2=" " tag="852"><subfield code="a">17264</subfield></datafield></record></collection>